@inproceedings{Deisenroth2015,
  author    = {Marc Peter Deisenroth and
               Jun Wei Ng},
  title     = {Distributed Gaussian Processes},
  booktitle = {Proceedings of the International Conference on Machine Learning {ICML}},
  pages     = {1481--1490},
  year      = {2015},
  url       = {http://jmlr.org/proceedings/papers/v37/deisenroth15.html},
}

@inproceedings{RasmussenG2001,
  author    = {Carl Edward Rasmussen and
               Zoubin Ghahramani},
  title     = {Infinite Mixtures of Gaussian Process Experts},
  booktitle = {Proceedings of Advances in Neural Information Processing Systems 14 {NIPS}},
  pages     = {881--888},
  year      = {2001},
  url       = {http://papers.nips.cc/paper/2055-infinite-mixtures-of-gaussian-process-experts},
}

@article{Raykov2016,
  author = {Raykov, Yordan P. and Boukouvalas, Alexis and Little, Max A.},
  doi = {10.1214/16-EJS1196},
  journal = {Electronic Journal of Statistics},
  number = {2},
  pages = {3548--3578},
  publisher = {The Institute of Mathematical Statistics and the Bernoulli Society},
  title = {Simple approximate MAP inference for Dirichlet processes mixtures},
  url = {https://doi.org/10.1214/16-EJS1196},
  volume = {10},
  year = {2016}
}
